/Users/iani/.emacs.d/personal/latex-recipes/01BASIC/bibliography.bib