@article{wombat2016,
	author   = {Walther Wombat and Klaus Koala 前島},
	title    = {The true meaning of 42},
	journal  = {Journal of modern skepticism (懐疑論雑誌)},
	date     = {2016},
	keywords = {trusted},
}
@book{lion2010,
	author       = {Laura Leon and Gabrielle Καμηλοπάρδαλις and Carl Capybara},
	title        = {The dangers of asking the wrong question: Μην ρωτάτε πολλά!},
	publisher    = {Eleanor Selfridge-Fields},
	date         = {2010},
	keywords     = {trusted},
        volume     = {10},
        number     = {12},
}
@online{wikibook,
	title        = {Generating Bibliographies with biblatex and biber},
	organization = {Zikibooks},
	date         = {2016},
	urldate      = {2016-03-07},
	url          = {https://en.wikibooks.org/wiki/LaTeX/Generating_Bibliographies_with_biblatex_and_biber},
	keywords     = {untrusted},
}
