
@article{wombat2016,
	author   = {Walther Wombat and Klaus Koala},
	title    = {The true meaning of 42},
	journal  = {Journal of modern skepticism},
	date     = {2016},
	keywords = {trusted},
}
@book{lion2010,
	author       = {Laura Lion and  Gabrielle Giraffe and Carl Capybara},
	title        = {The dangers of asking the wrong question},
	publisher    = {Eleanor Selfridge-Fields},
	date         = {2010},
	keywords     = {trusted},
        volume     = {10},
        number     = {12},
}
@online{wikibook,
	title        = {Generating Bibliographies with biblatex and biber},
	organization = {Wikibooks},
	date         = {2016},
	urldate      = {2016-03-07},
	url          = {https://en.wikibooks.org/wiki/LaTeX/Generating_Bibliographies_with_biblatex_and_biber},
	keywords     = {untrusted},
}
@article{newref2019,
	author   = {Walther Wombat and Klaus Koala},
	title    = {The true meaning of 42},
	journal  = {Journal of modern skepticism},
	date     = {2016},
	keywords = {trusted},
}
@article{zubinski2019,
	author   = {Zuniga-Klaus Redjinsky-Poolver},
	title    = {Everything is only Blue},
	journal  = {Journal of modern skepticism},
	date     = {2019},
	keywords = {trusted},
}

