/Users/iani/BitTorrent Sync/org-attachments/54/1063B5-03F2-47F1-9F08-C8832F340D08/bibliography.bib