/Users/iani/latex-exports/bibliographies/References.bib