/Volumes/t2a/Documents/Projects/Conferences/LAC2019/Paper/LAC-19-2.bib